2874 5378
439 759 708 840 SUETONIUS,
729 759 826 829 ETO.
1167 758 1255 829 lxvii

59 940 238 1020 triennioque
255 940 403 1001 contiuuo
426 940 505 1000 nihil
526 939 660 1017 amplius
683 958 777 1018 quam
797 936 969 1007 emendare,
990 941 1028 994 ut
1046 935 1165 1014 reliqua
1186 935 1253 996 vita

64 1028 522 1113 tautumphilosophinevacaret.
552 1033 692 1092 Sedcum
702 1028 1255 1110 ingressusiterAthenisoccurrisset

69 1123 190 1202 Augusto
212 1125 252 1183 ab
276 1123 404 1185 Oriente
428 1124 560 1184 Romam
578 1123 755 1194 revertenti,
770 1121 1000 1198 destinaretquo
1021 1139 1084 1179 non
1106 1117 1254 1179 absistere

10 1262 12 1277 .
70 1220 143 1293 abac
158 1216 250 1275 etiam
263 1236 326 1275 una
342 1217 454 1287 rodhe,
468 1216 542 1276 dum
559 1215 688 1293 Megara
702 1214 842 1275 vicinum
862 1212 1011 1291 oppidum
1026 1211 1253 1272 ferventissimo

73 1309 120 1368 solo
132 1310 292 1387 cognoscit,
308 1312 488 1390 languorem
506 1315 616 1371 nactus
629 1313 686 1381 est,
701 1328 834 1388 eumque
846 1327 909 1366 non
929 1306 1107 1366 intermissa
1126 1304 1252 1381 naviga-

75 1399 136 1460 tione
143 1403 226 1461 auxit
239 1402 286 1460 ita
299 1407 335 1461 ut
347 1403 474 1480 gravior
486 1402 651 1481 aliqnando
665 1400 869 1460 Brundisium
891 1399 1067 1477 appelleret,
1081 1395 1136 1456 ubi
1147 1397 1254 1455 diebus

75 1493 155 1567 paneis
167 1493 244 1552 obiit
255 1494 314 1553 XI.
335 1495 407 1554 Kal.
423 1494 491 1556 Oct.
506 1493 540 1555 0.
557 1494 663 1553 Sentio
677 1492 713 1569 Q.
730 1491 874 1552 Lucretio
887 1490 1074 1550 consulibus.

104 1583 140 1641 39.
159 1584 272 1663 Egerat
291 1606 364 1644 cum
376 1586 475 1647 Vario
497 1587 676 1665 prinsquam
693 1584 785 1644 Italia
807 1583 969 1643 decederet
991 1587 1027 1640 nt
1047 1581 1074 1639 si
1095 1580 1170 1658 quid
1194 1581 1253 1638 sibi

77 1673 212 1734 accidisset
224 1674 365 1736 Aeneide
376 1679 587 1749 combureret3
605 1680 640 1736 at
655 1677 681 1736 is
695 1676 853 1736 facturum
869 1694 902 1734 se
915 1676 1110 1752 pernegarat.
1152 1670 1255 1749 Igitur

76 1762 242 1827 inextrema
264 1770 443 1829 valetudine
462 1770 590 1829 adsidue
613 1771 726 1831 scrinia
748 1767 934 1829 desideravit
955 1771 1146 1826 crematurus
1172 1764 1254 1841 ipse3

75 1875 157 1918 verum
168 1861 291 1920 nemine
300 1863 448 1921 offerente
455 1862 534 1921 nihil
541 1863 666 1941 quidem
675 1861 857 1922 nominatim
865 1861 904 1919 de
914 1878 949 1918 ea
959 1859 1050 1930 cavit,
1061 1858 1109 1916 40.
1119 1859 1256 1916 ceterum

49 1964 53 1973 ·
71 1949 148 2010 eidem
164 1953 262 2013 Vario
278 1960 310 2014 et
325 1955 443 2015 'luccae
461 1955 576 2035 scripta
594 1976 651 2016 sua
665 1957 724 2017 sub
741 1974 778 2015 ca
798 1954 975 2016 condicione
988 1952 1106 2030 legavit
1123 1971 1163 2010 ne
1180 1949 1255 2027 quid

69 2041 173 2103 educat
186 2047 269 2123 quod
282 2067 372 2107 nona
384 2067 417 2108 se
428 2048 544 2107 editum
553 2055 642 2108 esset.
676 2049 725 2108 41.
745 2048 855 2106 Edidit
862 2051 967 2107 autem
980 2049 1104 2103 anctore
1113 2042 1255 2120 Augusto

70 2130 172 2207 Vnius,
187 2137 242 2195 sed
254 2139 433 2198 summatim
441 2139 611 2214 emendata,
621 2144 659 2200 ut
672 2140 727 2219 qui
739 2160 845 2200 versus
856 2139 951 2199 etiam
959 2135 1155 2216 imperfectos
1164 2133 1255 2192 sicuti

64 2236 136 2287 aaut
148 2230 326 2308 reliquerit3
340 2251 417 2309 quos
431 2233 521 2292 multi
534 2254 605 2292 mox
619 2234 761 2311 supplere
768 2232 870 2292 conati
880 2252 942 2290 non
952 2229 1080 2308 perinde
1091 2227 1257 2287 valuerunt

62 2318 94 2378 ob
104 2320 325 2393 difficultatem,
339 2323 423 2401 quod
435 2324 539 2384 omnia
552 2324 635 2403 apud
648 2344 718 2383 eum
731 2322 927 2385 hemistichia
944 2321 1085 2381 absoluto
1104 2319 1254 2398 periecto-

58 2430 111 2488 que
122 2420 195 2473 sunt
207 2435 301 2475 sensu
315 2423 436 2494 praeter
448 2418 526 2477 illud
541 2423 558 2448 “
570 2439 662 2496 quem
675 2418 733 2477 tibi
746 2418 810 2477 iam
824 2416 948 2477 'froia’'

89 2507 138 2565 42.
156 2509 253 2568 Nisus
279 2512 502 2588 grammaticus
529 2513 651 2572 audisse
678 2532 710 2571 se
738 2533 775 2572 ex
803 2511 973 2571 senioribus
1001 2510 1103 2569 aiebat
1123 2505 1256 2566 Varium

51 2596 182 2659 duomm
197 2601 347 2660 librorum
364 2603 501 2662 ordinem
520 2610 730 2675 commutasse,
750 2609 783 2662 et
801 2604 855 2681 qui
872 2609 947 2662 tunc
965 2602 1117 2661 secundus
1138 2601 1203 2657 crat
1223 2594 1257 2652 in

53 2691 177 2750 tertium
191 2693 293 2752 locum
307 2695 512 2765 transtulisse,
526 2697 619 2754 etiam
633 2696 726 2774 primi
740 2697 811 2754 libri
825 2695 993 2754 correxisse
1006 2691 1193 2771 principium
1207 2687 1258 2744 his

46 2784 185 2843 versibus
199 2786 334 2862 demptis

316 2928 365 2976 Ille
376 2944 425 2990 ego
438 2931 483 2994 qui
495 2930 626 2994 quondam
636 2930 729 2991 gracili
740 2929 888 2979 modulatus
899 2941 984 2976 avena

317 3005 437 3064 Carmen,
450 3011 477 3054 et
489 3022 611 3068 egressus
623 3007 695 3055 silvis
709 3006 798 3056 vicina
808 3005 883 3067 coegi

318 3081 355 3129 Ut
366 3083 487 3145 quamvis
498 3083 575 3135 avido
587 3086 710 3145 parerent
721 3099 787 3132 arva
798 3077 895 3141 colono,

317 3160 427 3208 Gratum
440 3176 505 3222 opus
516 3162 655 3224 agricolis;
676 3164 706 3210 at
716 3176 787 3210 nunc
799 3159 934 3210 horrentia
946 3157 1039 3206 Martis

313 3237 396 3286 Arina
407 3238 541 3301 virumque
553 3253 627 3288 cauo.

352 3485 528 3557 Macrobius,
543 3485 729 3555 Solet-rnatia,
744 3484 772 3542 1.
787 3483 834 3542 24.
851 3468 965 3561 10-11.'

87 3601 181 3673 Audi,
195 3601 324 3680 quidde
341 3603 441 3680 operis
455 3604 503 3663 sui
517 3603 681 3680 multiplici
695 3603 836 3662 doctrina
846 3601 911 3678 ipse
925 3597 1114 3676 pronuntiet.
1157 3595 1259 3673 Ipsius

45 3693 131 3751 enim
140 3694 281 3754 Maronis
291 3695 432 3772 epistula,
442 3715 503 3772 qua
510 3696 674 3773 compellat
682 3693 869 3772 Augustum,
881 3692 926 3749 ita
936 3690 1046 3766 incipit
1058 3713 1065 3760 3
1078 3687 1171 3763 “Ego
1185 3707 1258 3745 vcro

50 3786 228 3863 frequentes
242 3806 262 3846 a
278 3792 310 3846 te
328 3786 449 3846 litteras
465 3787 611 3865 accipi0‚”
629 3792 661 3846 et
677 3786 761 3845 infra
782 3791 800 3816 ‘⁴
810 3786 858 3844 De
874 3782 980 3842 Aenea
998 3781 1121 3859 quidem
1140 3798 1217 3849 meo,
1233 3778 1259 3836 si

48 3876 202 3937 mehercle
221 3878 285 3936 iam
305 3878 437 3956 dignum
452 3880 580 3938 auribus
599 3879 745 3938 haberem
765 3877 838 3947 tuis,
857 3875 990 3934 libenter
1008 3872 1180 3941 mitterem
1206 3871 1259 3929 sed

48 3972 140 4027 tanta
159 3968 307 4028 incohata
323 3991 371 4029 ies
392 3975 447 4043 est,
467 3977 503 4028 ut
522 3991 619 4048 paene
641 3970 719 4029 vitio
736 3968 849 4028 mentis
865 3971 988 4025 tantum
1007 3983 1083 4042 opus
1102 3963 1259 4039 ingressus

47 4060 125 4119 mihi
150 4061 268 4134 videar,
282 4082 353 4122 cum
377 4063 566 4141 praesertim,
581 4069 618 4121 nt
642 4064 710 4132 scis,
725 4062 786 4121 alia
806 4079 927 4138 quoque
945 4057 1048 4115 studia
1066 4057 1107 4114 ad
1129 4055 1161 4112 id
1183 4074 1260 4131 opus

50 4152 217 4229 multoque
248 4154 372 4231 potiora
398 4154 587 4231 impertiar.”

44 4435 137 4494 From
158 4435 205 4493 the
223 4435 351 4494 Mcmoir
360 4437 491 4514 preficiat
506 4443 534 4494 lo
550 4439 597 4494 tte
613 4437 818 4513 Com-menan,
831 4434 865 4511 of
877 4431 996 4493 Servium
1019 4450 1055 4488 on
1074 4430 1121 4487 tloe
1139 4424 1260 4484 dccciii.

89 4551 135 4611 Et
147 4552 181 4611 in
194 4553 328 4614 secundo
341 4554 398 4612 hos
411 4573 517 4613 versus
530 4559 653 4612 constat
667 4573 731 4612 esse
746 4553 900 4612 detractos

537 4686 585 4730 aut
596 4681 703 4740 ignibus
714 4694 794 4741 aegra
804 4679 907 4727 dedere.

317 4759 428 4825 Iamque
437 4759 504 4810 adeo
514 4776 594 4824 super
604 4775 672 4808 unus
684 4775 764 4818 eram,
776 4773 837 4807 cnm
848 4757 940 4804 limina
950 4755 1049 4803 Vestae

316 4837 473 4888 servantem
484 4843 512 4886 et
523 4838 633 4888 tacitam
643 4841 748 4887 secreta
759 4836 788 4884 in
800 4833 862 4884 sedo
873 4834 1008 4882 latentem
